% This file was created with JabRef 2.9.2.
% Encoding: Cp1252

@ARTICLE{Acosta1998a,
  author = {E. Acosta and X. Llovet and E. Coleoni and J. A. Riveros and F. Salvat},
  title = {Monte Carlo simulation of x-ray emission by kilovolt electron bombardment},
  journal = {Journal of Applied Physics},
  year = {1998},
  volume = {83},
  pages = {6038--6049},
  number = {11}
}

@TECHREPORT{GSI2011a,
  author = {Anonymous},
  title = {Standard Operating Procedure {EPMA}},
  institution = {Geological Survey of India},
  year = {2011}
}

@ARTICLE{Bastin1984a,
  author = {G. F. Bastin and F. J. J. van Loo and P. J. C. Vosters and J. W.
  G. Vroluk},
  title = {An iterative procedure for the correction of secondary fluorescence
  effect in electron-probe microanalysis near phase boundaries},
  journal = {Spectrochimica Acta},
  year = {1984},
  volume = {39B},
  pages = {1517--1522},
  number = {12}
}

@ARTICLE{DeBoer1990a,
  author = {D. K. G. De Boer},
  title = {Calculation of x-ray fluorescence intensities from bulk and multilayer
  samples},
  journal = {X-Ray Spectrometry},
  year = {1990},
  volume = {19},
  pages = {145--154},
  number = {3},
  doi = {10.1002/xrs.1300190312},
  issn = {1097-4539},
  publisher = {Wiley Subscription Services, Inc., A Wiley Company},
  url = {http://dx.doi.org/10.1002/xrs.1300190312}
}

@ARTICLE{Campos2001a,
  author = {C. S. Campos and E. A. Coleoni and J. C, Trincavelli and J. Kaschny
  and R, Hubbler and M. R. F. Soares and M. A. Z. Vasconcellos},
  title = {Metallic thin film thickness determination using electron probe microanalysis},
  journal = {X-Ray Spectrometry},
  year = {2001},
  volume = {30},
  pages = {253--259},
  doi = {10.1002/xrs.495},
  url = {http://onlinelibrary.wiley.com/doi/10.1002/xrs.495/abstract}
}

@MASTERSTHESIS{Canli2010a,
  author = {Sedat Canli},
  title = {Thickness analysis of thin films by energy dispersive X-ray Spectroscopy},
  school = {Middle East Technical University},
  year = {2010},
  url = {http://etd.lib.metu.edu.tr/upload/12612822/index.pdf}
}

@ARTICLE{Carpenter2005a,
  author = {Paul Carpenter},
  title = {Calculated X-ray Intensities Using Monte Carlo Algorithms: A Comparison
  To Experimental EPMA Data},
  journal = {Microscopy and Microanalysis},
  year = {2005},
  volume = {11},
  pages = {1278--1279},
  month = {8},
  doi = {10.1017/S1431927605510717},
  issn = {1435-8115},
  issue = {Supplement S02},
  numpages = {2},
  url = {http://journals.cambridge.org/article_S1431927605510717}
}

@BOOKLET{Chatterjee2012a,
  title = {Electron Microprobe Analysis: MIT Course 12.141 Notes},
  author = {Nilanjan Chatterjee},
  year = {2012},
  note = {MIT OpenCourseware},
  url = {http://ocw.mit.edu/courses/earth-atmospheric-and-planetary-sciences/12-141-electron-microprobe-analysis-january-iap-2012/lecture-notes/MIT12_141IAP12_coursenotes.pdf}
}

@INBOOK{Christien2012a,
  chapter = {The Use of Electron Probe MicroAnalysis to Determine the Thickness
  of Thin Films in Materials Science},
  pages = {101--118},
  title = {X-Ray Spectroscopy},
  publisher = {InTech},
  year = {2012},
  editor = {Shatendra K Sharma},
  author = {Fr\'{e}d\'{e}ric Christien and Edouard Ferchaud and Pawel Nowakowski
  and Marion Allart}
}

@ARTICLE{Davis2011a,
  author = {Jeffrey M. Davis and Dale E. Newbury and Albert Fahey and Nicholas
  W.M. Ritchie and Edward Vicenzi and Dale Bentz},
  title = {{Bridging the Micro-to-Macro Gap: A New Application for Micro X-Ray
  Fluorescence}},
  journal = {Microscopy and Microanalysis},
  year = {2011},
  volume = {17},
  pages = {410--417},
  doi = {10.1017/S1431927611000183}
}


@ARTICLE{Drouin2007a,
  author = {D. Drouin and A.R.Couture and D. Joly and X. Tastet and  V. Aimez and R. Gauvin},
  title = {{CASINO V2.42} --A Fast and Easy-to-use Modeling Tool for Scanning Electron Microscopy and Microanalysis Users},
  journal = {Scanning},
  volume = {29},
  number = {3},
  publisher = {Wiley Subscription Services, Inc., A Wiley Company},
  issn = {1932-8745},
  url = {http://dx.doi.org/10.1002/sca.20000},
  doi = {10.1002/sca.20000},
  pages = {92--101},
  year = {2007},
}



@ARTICLE{Duncumb2001,
  author = {Peter Duncumb and Ian R. Barkshire and Peter J. Statham},
  title = {Improved X-ray Spectrum Simulation for Electron Microprobe Analysis},
  journal = {Microscopy and Microanalysis},
  year = {2001},
  volume = {7},
  pages = {341--355},
  month = {7},
  doi = {10.1017/S1431927601010339},
  issn = {1435-8115},
  issue = {04},
  numpages = {15},
  url = {http://journals.cambridge.org/article_S1431927601010339}
}

@TECHREPORT{Fournelle2009a,
  author = {John Fournelle},
  title = {Electron Probe MicroAnalysis - Sample Preparation for EPMA},
  institution = {University of Wisconsin Geology 777},
  year = {2009},
  url = {www.geology.wisc.edu/~johnf/g777/ppt/130_Sample-Prep.ppt}
}

@ARTICLE{Gauvin2012a,
  author = {Raynald Gauvin},
  title = {What Remains to Be Done to Allow Quantitative X-Ray Microanalysis
  Performed with EDS to Become a True Characterization Technique?},
  journal = {Microscopy and Microanalysis},
  year = {2012},
  volume = {18},
  pages = {915--940},
  month = {10},
  doi = {10.1017/S1431927612001468},
  issn = {1435-8115},
  issue = {05},
  numpages = {26},
  url = {http://journals.cambridge.org/article_S1431927612001468}
}

@ARTICLE{Geller2002a,
  author = {Joseph D. Geller and Paul D. Engle},
  title = {Sample Preparation for Electron Probe Microanalysis -- Pushing the
  Limits},
  journal = {Jounal of Research of the National Institute of Standards and Technology},
  year = {2002},
  volume = {107},
  pages = {627--638},
  number = {6}
}

@TECHREPORT{Haler2012a,
  author = {Michael Haller and Volker R\"{o}\ssiger and Simone Dill},
  title = {Coating Thickness Measurement of Thin Gold and Palladium Coatings
  on Printed Circuit Boards using X-Ray Fluorescence},
  institution = {Helmut Fischer GmbH},
  url = {http://www.smtnet.com/library/files/upload/Thickness-Measurement.pdf}
}

@PHDTHESIS{Horny2006a,
  author = {Paula Horny},
  title = {{Development of a quantification method for x-ray microanalysis with
  an electron microscope}},
  school = {McGill University (Canada)},
  year = {2006},
  adsnote = {Provided by the SAO/NASA Astrophysics Data System},
  adsurl = {http://adsabs.harvard.edu/abs/2006PhDT.......221H}
}

@ARTICLE{Karimi2009a,
  author = {Minoo Karimi and Nayereh Amiri and Amir Ali Tabbakh Shabani},
  title = {{Thickness measurement of coated Ni on brass plate using K$\alpha$/K$\beta$\
  ratio by XRF spectrometry}},
  journal = {X-RaySpectrometry},
  year = {2009},
  volume = {38},
  pages = {234--238}
}

@INPROCEEDINGS{Llovet2012b,
  author = {Xavier Llovet},
  title = {Quantification in electron probe microanalysis (including Monte Carlo
  simulation and thin films)},
  booktitle = {EMAS 2012 -- 10^{th} Regional Workshop km Electron Probe Microanalysis
  Today -- Practical Aspects},
  year = {2012},
  organization = {Microbeam Analysis Society},
  url = {http://www.emas-web.net/Content/EMAS2012_Regional%20Workshop/BoT&A_Llovet.pdf}
}

@INBOOK{Llovet2012c,
  chapter = {Electron probe microanalysis: principles and applications},
  pages = {1--10},
  title = {Handbook of instrumental techniques from CCiTUB},
  publisher = {Centres Científics i Tecnològics. Universitat de Barcelona},
  year = {2012},
  author = {Xavier Llovet},
  url = {http://diposit.ub.edu/dspace/handle/2445/32146}
}

@ARTICLE{Llovet2010,
  author = {Xavier Llovet and Claude Merlet},
  title = {Electron Probe Microanalysis of Thin Films and Multilayers Using
  the Computer Program XFILM},
  journal = {Microscopy and Microanalysis},
  year = {2010},
  volume = {16},
  pages = {21--32},
  month = {2},
  doi = {10.1017/S1431927609991218},
  issn = {1435-8115},
  issue = {01},
  numpages = {12},
  url = {http://journals.cambridge.org/article_S1431927609991218}
}

@ARTICLE{Llovet2009,
  author = {Xavier Llovet and Claude Merlet},
  title = {Electron Probe Microanalysis of Thin Films and Multilayers Using
  the X-FILM Computer Code},
  journal = {Microscopy and Microanalysis},
  year = {2009},
  volume = {15},
  pages = {516--517},
  month = {7},
  doi = {10.1017/S1431927609094215},
  issn = {1435-8115},
  issue = {Supplement S2},
  numpages = {2},
  url = {http://journals.cambridge.org/article_S1431927609094215}
}

@ARTICLE{Llovet2012a,
  author = {X Llovet and P T Pinard and J J Donovan and F Salvat},
  title = {Secondary fluorescence in electron probe microanalysis of material
  couples},
  journal = {Journal of Physics D: Applied Physics},
  year = {2012},
  volume = {45},
  pages = {225301},
  number = {22},
  url = {http://stacks.iop.org/0022-3727/45/i=22/a=225301}
}

@ARTICLE{Lorimer1987a,
  author = {G. W. Lorimer},
  title = {Quantitative X-ray microanalysis of thin specimens in the transmission
  electron microscope; a review},
  journal = {Mineralogical Magazine},
  year = {1987},
  volume = {51},
  pages = {49--60},
  url = {http://www.minersoc.org/pages/Archive-MM/Volume_51/51-359-49.pdf}
}

@ARTICLE{Moller1995a,
  author = {Andreas M\"{o}ller and Stephan Weinbruch and Frank J. Stadermann
  and Hugo M. Ortner and Klaus Neubeck and Adam G. Balogh and Horst
  Hahn},
  title = {Accuracy of Film Thickness Determination in Electron Probe Microanalysis},
  journal = {Microchimica Acta},
  year = {1995},
  volume = {119},
  pages = {41--47},
  doi = {10.1007/BF01244852},
  url = {http://link.springer.com/article/10.1007%2FBF01244852}
}

@CONFERENCE{Newbury2007a,
  author = {D.E. Newbury and D.S. Bright and J.H. Scott and N. Ritchie and J.R.
  Michael and P.G. Kotula},
  title = {Update on Energy Dispersive X-ray Spectrometry with the Silicon Drift
  Detector (SDD) and Microstructural Characterization with NIST Lispix},
  year = {2007},
  month = {September},
  howpublished = {Advanced Instrumental Techniques and Software Algorithms in EPMA
  Workshop},
  url = {http://epmalab.uoregon.edu/Workshop2/DonovanWorkshop07_SDD_Newbury.pdf}
}

@CONFERENCE{Newbury2004a,
  author = {Dale E. Newbury},
  title = {Quantitative Electron Probe Microanalysis (EPMA): Doing It Right
  and Doing It Wrong!},
  booktitle = {NIST Workshop: High Throughput Analysis of Multicomponent Multiphase
  Diffusion Data},
  year = {2004},
  editor = {Carelyn Campbell and Bill Boettinger},
  url = {http://www.ctcms.nist.gov/~cecamp/spring04/EPMA%20Right&Wrong.pdf}
}

@ARTICLE{Newbury2005a,
  author = {Dale E. Newbury},
  title = {Misidentification of Major Constituents by Automatic Qualitative
  Energy Dispersive X-ray Microanalysis: A Problem that Threatens the
  Credibility of the Analytical Community},
  journal = {Microscopy and Microanalysis},
  year = {2005},
  volume = {11},
  pages = {545--561},
  doi = {10.1017/S1431927605050531}
}

@BOOKLET{OxfordInstruments2013a,
  title = {EDS in the TEM Explained},
  author = {Oxford-Instruments},
  year = {2013},
  url = {http://www.oxford-instruments.com/OxfordInstruments/media/nanoanalysis/brochures%20and%20thumbs/TEM-Explained.pdf}
}

@BOOKLET{OxfordInstruments2012a,
  title = {{Silicon Drift Detectors Explained}},
  author = {Oxford-Instruments},
  year = {2012},
  url = {http://www.oxford-instruments.com/OxfordInstruments/media/nanoanalysis/brochures%20and%20thumbs/OI_AppNote_SDD_Explained.pdf}
}

@BOOKLET{OxfordInstruments2002a,
  title = {{Energy Dispersive X-ray Microanalysis Hardware Explained}},
  author = {Oxford-Instruments},
  year = {2002},
  url = {http://www.matsceng.ohio-state.edu/~colijn/EDSHardwareExplained.pdf}
}

@ARTICLE{Phung2008a,
  author = {Tran M. Phung and Jacob M. Jensen and David C. Johnson and John J.
  Donovan and
  
  Brian G. McBurnett},
  title = {Determination of the composition of Ultra-thin Ni-Si films on Si:
  constrained modeling of electron probe microanalysis and x-ray reflectivity
  data},
  journal = {X-Ray Spectrometry},
  year = {2008},
  volume = {37},
  pages = {608--614},
  doi = {10.1002/xrs}
}

@ARTICLE{Pouchou1984a,
  author = {J.L. Pouchou and F. Pichoir},
  title = {Extension des possibilit\'{e}s quantitatives de la microanalyse par
  une formulation nouvelle des effets de matrice},
  journal = {Journal de Physique},
  year = {1984},
  volume = {Colloque C2 supp. 2},
  pages = {17--20}
}

@ARTICLE{Pouchou2002a,
  author = {Jean-Louis Pouchou},
  title = {X-Ray Microanalysis of Thin Surface Films and Coatings},
  journal = {Microchimica Acta},
  year = {2002},
  volume = {138},
  pages = {133-152},
  number = {3-4},
  doi = {10.1007/s006040200020},
  issn = {0026-3672},
  keywords = {Key words:â€‚X-ray microanalysis; in-depth analysis; surface layer;
  layered specimen.},
  language = {English},
  publisher = {Springer-Verlag},
  url = {http://dx.doi.org/10.1007/s006040200020}
}

@ARTICLE{Pouchou1993a,
  author = {Jean-Louis Pouchou},
  title = {X-Ray microanalysis of stratified specimens },
  journal = {Analytica Chimica Acta },
  year = {1993},
  volume = {283},
  pages = {81--97},
  number = {1},
  doi = {http://dx.doi.org/10.1016/0003-2670(93)85212-3},
  issn = {0003-2670},
  keywords = {Stratified specimens},
  url = {http://www.sciencedirect.com/science/article/pii/0003267093852123}
}

@INBOOK{Pouchou1991a,
  chapter = {4},
  pages = {31--76},
  title = {Quantitative analysis of homogeneous or stratified microvolumes applying
  the model ``PAP''},
  publisher = {Plenum Press},
  year = {1991},
  editor = {K. F. J. Heinrich and Dale E. Newbury},
  author = {Jean-Louis Pouchou and Fran\c{c}oise Pichoir},
  url = {http://www.springer.com/life+sciences/book/978-0-306-43824-0}
}

@ARTICLE{Rathi2013a,
  author = {Monika Rathi and S.P. Ahrenkiel and J.J. Carapella and M.W. Wanlass},
  title = {A Standards-Based Method for Compositional Analysis by Energy Dispersive
  X-Ray Spectrometry Using Multivariate Statistical Analysis: Application
  to Multicomponent Alloys},
  journal = {Microscopy and Microanalysis},
  year = {2013},
  volume = {19},
  pages = {66--72},
  doi = {10.1017/S1431927612013761}
}

@MANUAL{r-project,
  title = {R: A Language and Environment for Statistical Computing},
  author = {{R Development Core Team}},
  organization = {R Foundation for Statistical Computing},
  address = {Vienna, Austria},
  year = {2010},
  note = {{ISBN} 3-900051-07-0},
  url = {http://www.R-project.org}
}

@CONFERENCE{Redfern2012a,
  author = {Del Redfern and Simon Burgess and Peter Statham},
  title = {Introducing the {X-Max$^N$} SDD Range},
  booktitle = {Oxford Instruments Web Cast},
  year = {2012},
  url = {http://ll1.workcast.net/10406/3170567774102893/Documents/Presentation%20slides.pdf}
}

@CONFERENCE{Richter2012a,
  author = {Silvia Richter and J. Mayer},
  title = {Sample preparation for {EPMA}},
  booktitle = {EMAS 2012 -- 10th Regional Workshop on Electron Probe Microanalysis
  -- Practical Aspects},
  year = {2012},
  url = {http://fizweb.elte.hu/emas_2012/richter_sample_preparation_for_epma005.pdf}
}

@ARTICLE{Ritchie2011d,
  author = {Nicholas W.M. Ritchie},
  title = {{Standards-Based Quantification in DTSA-II--Part I}},
  journal = {Microscopy Today},
  year = {2011},
  volume = {September},
  pages = {30--36},
  doi = {10.1017/S155192951100085X}
}

@ARTICLE{Ritchie2012c,
  author = {Nicholas W. M. Ritchie},
  title = {{Standards-Based Quantification in DTSA-II--Part II}},
  journal = {Microscopy Today},
  year = {2012},
  volume = {January},
  pages = {14--17.},
  doi = {10.1017/S1551929511001398}
}

@ARTICLE{Ritchie2011a,
  author = {Nicholas W. M. Ritchie},
  title = {{Getting Started with NIST DTSA-II}},
  journal = {Microscopy Today},
  year = {2011},
  volume = {January},
  pages = {26--31},
  doi = {10.1017/S155192951000132X}
}

@ARTICLE{Ritchie2011b,
  author = {Nicholas W. M. Ritchie},
  title = {{Manipulating Spectra with DTSA-II}},
  journal = {Microscopy Today},
  year = {2011},
  volume = {May},
  pages = {34--39},
  doi = {10.1017/S1551929511000290}
}

@BOOKLET{Ritchie2010b,
  title = {{Modeling Secondary Fluorescence with DTSA-II}},
  author = {Nicholas W. M. Ritchie},
  howpublished = {Advanced Techniques in EPMA Seminar},
  month = {August},
  year = {2010},
  url = {http://epmalab.uoregon.edu/Workshop2010/Presentations/Secondary%20Fluorescence%20for%20AdvEPMA%20Workshop%202010.pdf}
}

@ARTICLE{Ritchie2009a,
  author = {Nicholas W. M. Ritchie},
  title = {{Spectrum Simulation in DTSA-II}},
  journal = {Microscopy and Microanalysis},
  year = {2009},
  volume = {15},
  pages = {454--468},
  doi = {10.1017/S1431927609990407}
}

@ARTICLE{Ritchie2012a,
  author = {Nicholas W. M. Ritchie and Dale E. Newbury},
  title = {{Uncertainty Estimates for Electron Probe X-ray Microanalysis Measurements}},
  journal = {Analytical Chemistry},
  year = {2012},
  volume = {84},
  pages = {9956-9962},
  number = {22},
  doi = {10.1021/ac301843h},
  eprint = {http://pubs.acs.org/doi/pdf/10.1021/ac301843h},
  url = {http://pubs.acs.org/doi/abs/10.1021/ac301843h}
}

@ARTICLE{Ritchie2012b,
  author = {Nicholas W. M. Ritchie and Dale E. Newbury and Jeffrey M. Davis},
  title = {{EDS Measurements of X-Ray Intensity at WDS Precision and Accuracy
  Using a Silicon Drift Detector}},
  journal = {Microscopy and Microanalysis},
  year = {2012},
  volume = {18},
  pages = {892--904},
  month = {8},
  doi = {10.1017/S1431927612001109},
  issn = {1435-8115},
  issue = {04},
  numpages = {13},
  url = {http://journals.cambridge.org/article_S1431927612001109}
}

@TECHREPORT{Salvat2011a,
  author = {Francesc Salvat and Jos\'{e} M. Fern\`{a}ndez-Varea and Josep Sempau},
  title = {.{PENELOPE2011: A Code System for Monte Carlo Simulation of Electron
  and Photon Transport}},
  institution = {NEA/NSC},
  year = {2011},
  type = {Workshop Proceedings},
  number = {NEA/NSC/DOC(2011)5},
  url = {http://www.oecd-nea.org/science/docs/2011/nsc-doc2011-5.pdf}
}

@CONFERENCE{Sandborg2000a,
  author = {Alan Sandborg},
  title = {Energy dispersive X-ray spectrometry--{EDS} instrumentation \& signal
  detection},
  year = {2000},
  url = {http://www.bowdoin.edu/earth-oceanographic-science/instrumentation/scanning-electron-microscope/instructions/pdf/EDAX-EDS-manual.pdf}
}

@ARTICLE{Schamber2009a,
  author = {Frederick H. Schamber},
  title = {35 Years of EDS Software},
  journal = {Microscopy and Microanalysis},
  year = {2009},
  volume = {15},
  pages = {491--504},
  month = {12},
  doi = {10.1017/S1431927609991085},
  issn = {1435-8115},
  issue = {06},
  numpages = {14},
  url = {http://journals.cambridge.org/article_S1431927609991085}
}

@ARTICLE{Statham2010a,
  author = {P. J. Statham},
  title = {Feasibility of X-ray analysis of multi-layer thin films at a single
  beam voltage},
  journal = {IOP Conf. Series: Materials Science and Engineering},
  year = {2010},
  volume = {7},
  pages = {1-10},
  doi = {10.1088/1757-899X/7/1/012027},
  url = {http://m.iopscience.iop.org/1757-899X/7/1/012027/pdf/1757-899X_7_1_012027.pdf}
}

@ARTICLE{Waldo1993a,
  author = {Richard A. Waldo and Maria C. Militello and Stephen W. Gaarenstroom},
  title = {Quantitative thin-film analysis with an energy-dispersive x-ray detector},
  journal = {Surface and Interface Analysis},
  year = {1993},
  volume = {20},
  pages = {111--114},
  number = {2},
  doi = {10.1002/sia.740200204},
  issn = {1096-9918},
  publisher = {John Wiley \& Sons Ltd.},
  url = {http://dx.doi.org/10.1002/sia.740200204}
}

@ARTICLE{Zaluzec2009a,
  author = {Nestor J. Zaluzec},
  title = {Detector Solid Angle Formulas for Use in X-Ray Energy Dispersive
  Spectrometry},
  journal = {Microscopy and Microanalysis},
  year = {2009},
  volume = {15},
  pages = {93--98},
  month = {4},
  doi = {10.1017/S1431927609090217},
  issn = {1435-8115},
  issue = {02},
  numpages = {6},
  url = {http://journals.cambridge.org/article_S1431927609090217}
}

@STANDARD{ISO-22029-2012,
  title = {Microbeam analysis — EMSA/MAS  standard file format for spectral-data
  exchange},
  organization = {ISO},
  revision = {Second Edition},
  month = {9},
  year = {2012},
  url = {http://www.iso.org/iso/catalogue_detail.htm?csnumber=56211}
}

@STANDARD{ISO3497-2000,
  title = {{Metallic coatings -- Measurement of coating thickness -- X-ray spectrometric
  methods}},
  organization = {ISO},
  year = {2000},
  url = {http://www.iso.org/iso/home/store/catalogue_tc/catalogue_detail.htm?csnumber=20319},
  comment = {Reviewed and confirmed in 2011}
}

@STANDARD{ASTMB568-98,
  title = {{Standard Test Method for Measurement of Coating Thickness by X-Ray
  Spectrometry}},
  organization = {ASTM},
  year = {1998},
  url = {http://www.astm.org/Standards/B568.htm},
  comment = {Reviewed in 2009}
}

@STANDARD{ISO9220-1988,
  title = {{Metallic coatings -- Measurement of coating thickness -- Scanning
  electron microscope method}},
  organization = {ISO},
  year = {1988},
  note = {Reviewed and confirmed in 2010},
  url = {http://www.iso.org/iso/home/store/catalogue_tc/catalogue_detail.htm?csnumber=16849},
  comment = {Reviewed and confirmed in 2010}
}

